@article{lamiraux:hal-02995125,
  TITLE = {{Prehensile Manipulation Planning: Modeling, Algorithms and Implementation}},
  AUTHOR = {Lamiraux, Florent and Mirabel, Joseph},
  URL = {https://laas.hal.science/hal-02995125},
  JOURNAL = {{IEEE Transactions on Robotics}},
  HAL_LOCAL_REFERENCE = {Rapport LAAS n{\textdegree} 20298},
  PUBLISHER = {{IEEE}},
  VOLUME = {38},
  NUMBER = {4},
  PAGES = {2370-2388},
  YEAR = {2022},
  MONTH = Aug,
  DOI = {10.1109/TRO.2021.3130433},
  KEYWORDS = {path planning ; constrained path planning ; robotics ; manipulation planning ; software platform},
  PDF = {https://laas.hal.science/hal-02995125v2/file/ieee-tro.pdf},
  HAL_ID = {hal-02995125},
  HAL_VERSION = {v2},
}
